/Users/wstein/papers/biblio/biblio.bib